@inproceedings{habanerox10,
	author = {Cav\'{e}, Vincent and Zhao, Jisheng and Shirako, Jun and Sarkar, Vivek},
	title = {Habanero-Java: The New Adventures of Old X10},
	year = {2011},
	isbn = {9781450309356},
	publisher = {Association for Computing Machinery},
	address = {New York, NY, USA},
	doi = {10.1145/2093157.2093165},
	pages = {51–61},
	numpages = {11},
	keywords = {parallel programming, language, data-race detection},
	location = {Kongens Lyngby, Denmark},
	series = {PPPJ '11}
}

@article{resilientx10,
	author = {Cunningham, David and Grove, David and Herta, Benjamin and Iyengar, Arun and Kawachiya, Kiyokuni and Murata, Hiroki and Saraswat, Vijay and Takeuchi, Mikio and Tardieu, Olivier},
	title = {Resilient X10: Efficient Failure-Aware Programming},
	year = {2014},
	issue_date = {August 2014},
	publisher = {Association for Computing Machinery},
	address = {New York, NY, USA},
	volume = {49},
	number = {8},
	issn = {0362-1340},
	url = {https://doi.org/10.1145/2692916.2555248},
	doi = {10.1145/2692916.2555248},
	journal = {SIGPLAN Not.},
	month = {2},
	pages = {67–80},
	numpages = {14},
	keywords = {parallel, resilience, X10, distributed}
}

@online{fugaku,
	title="Japan's Fugaku gains title as world's fastest supercomputer",
	author="Riken",
	year="2020",
	month="6",
	day="23",
	url="https://www.riken.jp/en/news_pubs/news/2020/20200623_1/index.html",
	urldate="2022-12-07"
}

@book{distributedsystems,
	author = {van Steen, Marten and S. Tanenbaum, Andrew},
	title = {Distributed Sytems, 3rd ed., Version 03},
	year = {2020},
	month = {12},
	isbn = {978-90-815406-2-9},
	publisher = {\url{www.distributed-systems.net}}
}